<?xml version="1.0" encoding="UTF-8"?><collection xmlns="http://www.loc.gov/MARC21/slim"><record><leader>00425nam--2200169-i-4500</leader><controlfield tag="001">000009600</controlfield><controlfield tag="002">20161230</controlfield><controlfield tag="005">20161230201028</controlfield><controlfield tag="008">060222s1000------------r-----000-0-eng-d</controlfield><datafield ind1=" " ind2=" " tag="040"><subfield code="a">IFIN-HH</subfield></datafield><datafield ind1=" " ind2=" " tag="080"><subfield code="a">805.0</subfield></datafield><datafield ind1="1" ind2=" " tag="100"><subfield code="a">Carstea, Mihaela</subfield></datafield><datafield ind1="1" ind2="0" tag="245"><subfield code="a">Gramatica limbii italiene</subfield><subfield code="c">Mihaela carstea</subfield></datafield><datafield ind1=" " ind2=" " tag="260"><subfield code="a">Bucuresti</subfield><subfield code="b">Editura Stiintifica</subfield><subfield code="c">1971</subfield></datafield><datafield ind1=" " ind2=" " tag="300"><subfield code="a">284 P</subfield></datafield><datafield ind1=" " ind2=" " tag="852"><subfield code="a">34481</subfield><subfield code="c">4</subfield></datafield><datafield ind1=" " ind2=" " tag="CAT"><subfield code="a">Sys</subfield><subfield code="c">20130131</subfield><subfield code="h">143345</subfield></datafield></record></collection>